
@techreport{chanat_application_2016,
	title = {Application of a weighted regression model for reporting nutrient and sediment concentrations, fluxes, and trends in concentration and flux for the {Chesapeake} {Bay} {Nontidal} {Water}-{Quality} {Monitoring} {Network}, results through water year 2012},
	number = {2328-0328},
	institution = {US Geological Survey},
	author = {Chanat, Jeffrey G and Moyer, Douglas L and Blomquist, Joel D and Hyer, Kenneth E and Langland, Michael J},
	year = {2016}
}

@inproceedings{kandel_comparison_2018,
	title = {Comparison of various estimation techniques to predict nitrate load in {Maumee} {River}},
	publisher = {American Society of Agricultural and Biological Engineers},
	author = {Kandel, Rajesh and Bhattarai, Rabin},
	year = {2018},
	pages = {1}
}

@article{chanat_exploring_2018,
	title = {Exploring {Drivers} of {Regional} {Water}‐{Quality} {Change} {Using} {Differential} {Spatially} {Referenced} {Regression}—{A} {Pilot} {Study} in the {Chesapeake} {Bay} {Watershed}},
	volume = {54},
	issn = {0043-1397},
	number = {10},
	journal = {Water Resources Research},
	author = {Chanat, Jeffrey G and Yang, Guoxiang},
	year = {2018},
	pages = {8120--8145}
}

@article{kandel_comparative_2018,
	title = {Comparative analysis of nitrate load estimation techniques in watersheds with different land-use characteristics},
	author = {Kandel, Rajesh},
	year = {2018}
}

@article{murphy_water-quality_2019,
	title = {Water-quality trends in {US} rivers: {Exploring} effects from streamflow trends and changes in watershed management},
	volume = {656},
	issn = {0048-9697},
	journal = {Science of the Total Environment},
	author = {Murphy, Jennifer and Sprague, Lori},
	year = {2019},
	pages = {645--658}
}

@article{parr_overlapping_2019,
	title = {Overlapping anthropogenic effects on hydrologic and seasonal trends in {DOC} in a surface water dependent water utility},
	volume = {148},
	journal = {Water research},
	author = {Parr, Thomas B. and Inamdar, Shreeram P. and Miller, Matthew J.},
	year = {2019},
	pages = {407--415}
}

@article{libera_non-parametric_2018,
	title = {A non-parametric bootstrapping framework embedded in a toolkit for assessing water quality model performance},
	volume = {107},
	issn = {1364-8152},
	journal = {Environmental modelling \& software},
	author = {Libera, Dominic A and Sankarasubramanian, A and Sharma, Ashish and Reich, Brian J},
	year = {2018},
	pages = {25--33}
}

@article{zhang_evaluation_2018,
	title = {Evaluation of statistical methods for quantifying fractal scaling in water-quality time series with irregular sampling},
	volume = {22},
	number = {2},
	journal = {Hydrology and Earth System Sciences},
	author = {Zhang, Qian and Harman, Ciaran J and Kirchner, James W},
	year = {2018},
	pages = {1175--1192}
}

@article{strickling_leveraging_2018,
	title = {Leveraging {Spatial} and {Temporal} {Variability} to {Probabilistically} {Characterize} {Nutrient} {Sources} and {Export} {Rates} in a {Developing} {Watershed}},
	volume = {54},
	issn = {0043-1397},
	number = {7},
	journal = {Water Resources Research},
	author = {Strickling, HL and Obenour, DR},
	year = {2018},
	pages = {5143--5162}
}

@article{maestre_machine_2014,
	title = {A machine learning tool for weighted regressions in time, discharge, and season},
	volume = {5},
	number = {3},
	journal = {Inter J Adv Comp Sci App},
	author = {Maestre, Alexander and Williamson, Derek and El-Sheikh, Eman and Ward, Amelia},
	year = {2014},
	pages = {99--106}
}

@article{beck_numerical_2017,
	title = {Numerical and qualitative contrasts of two statistical models for water quality change in tidal waters},
	volume = {53},
	issn = {1093-474X},
	number = {1},
	journal = {JAWRA Journal of the American Water Resources Association},
	author = {Beck, Marcus W and Murphy, Rebecca R},
	year = {2017},
	pages = {197--219}
}

@article{reisinger_changes_2019,
	title = {Changes in long‐term water quality of {Baltimore} streams are associated with both gray and green infrastructure},
	volume = {64},
	issn = {0024-3590},
	number = {S1},
	journal = {Limnology and Oceanography},
	author = {Reisinger, Alexander J and Woytowitz, Ellen and Majcher, Emily and Rosi, Emma J and Belt, Kenneth T and Duncan, Jonathan M and Kaushal, Sujay S and Groffman, Peter M},
	year = {2019},
	pages = {S60--S76}
}

@article{fanelli_point_2019,
	title = {Point sources and agricultural practices control spatial-temporal patterns of orthophosphate in tributaries to {Chesapeake} {Bay}},
	volume = {652},
	issn = {0048-9697},
	journal = {Science of The Total Environment},
	author = {Fanelli, Rosemary M and Blomquist, Joel D and Hirsch, Robert M},
	year = {2019},
	pages = {422--433}
}

@article{beck_adaptation_2015,
	title = {Adaptation of a weighted regression approach to evaluate water quality trends in an estuary},
	volume = {20},
	issn = {1420-2026},
	number = {6},
	journal = {Environmental Modeling \& Assessment},
	author = {Beck, Marcus W and Hagy, James D},
	year = {2015},
	pages = {637--655}
}

@article{zhang_improving_2017,
	title = {Improving riverine constituent concentration and flux estimation by accounting for antecedent discharge conditions},
	volume = {547},
	issn = {0022-1694},
	journal = {Journal of hydrology},
	author = {Zhang, Qian and Ball, William P},
	year = {2017},
	pages = {387--402}
}

@article{zhang_synthesis_2018,
	title = {Synthesis of nutrient and sediment export patterns in the {Chesapeake} {Bay} watershed: {Complex} and non-stationary concentration-discharge relationships},
	volume = {618},
	issn = {0048-9697},
	journal = {Science of The Total Environment},
	author = {Zhang, Qian},
	year = {2018},
	pages = {1268--1283}
}

@article{beck_improving_2015,
	title = {Improving estimates of ecosystem metabolism by reducing effects of tidal advection on dissolved oxygen time series},
	volume = {13},
	issn = {1541-5856},
	number = {12},
	journal = {Limnology and Oceanography: Methods},
	author = {Beck, Marcus W and Hagy, James D and Murrell, Michael C},
	year = {2015},
	pages = {731--745}
}

@article{murphy_antecedent_2014,
	title = {Antecedent flow conditions and nitrate concentrations in the {Mississippi} {River} {Basin}},
	volume = {18},
	issn = {1027-5606},
	number = {3},
	journal = {Hydrology and Earth System Sciences},
	author = {Murphy, Jennifer C and Hirsch, Robert M and Sprague, Lori A},
	year = {2014},
	pages = {967--979}
}

@article{zhang_improved_2016,
	title = {An improved method for interpretation of riverine concentration‐discharge relationships indicates long‐term shifts in reservoir sediment trapping},
	volume = {43},
	issn = {1944-8007},
	number = {19},
	journal = {Geophysical Research Letters},
	author = {Zhang, Qian and Harman, Ciaran J and Ball, William P},
	year = {2016},
	pages = {10--215}
}

@article{lee_evaluation_2016,
	title = {An evaluation of methods for estimating decadal stream loads},
	volume = {542},
	issn = {0022-1694},
	journal = {Journal of Hydrology},
	author = {Lee, Casey J and Hirsch, Robert M and Schwarz, Gregory E and Holtschlag, David J and Preston, Stephen D and Crawford, Charles G and Vecchia, Aldo V},
	year = {2016},
	pages = {185--203}
}

@article{zhang_longterm_2015,
	title = {Long‐{Term} {Trends} of {Nutrients} and {Sediment} from the {Nontidal} {Chesapeake} {Watershed}: {An} {Assessment} of {Progress} by {River} and {Season}},
	volume = {51},
	issn = {1752-1688},
	number = {6},
	journal = {JAWRA Journal of the American Water Resources Association},
	author = {Zhang, Qian and Brady, Damian C and Boynton, Walter R and Ball, William P},
	year = {2015},
	pages = {1534--1555}
}

@article{markus_sensitivity_2013,
	title = {Sensitivity analysis of annual nitrate loads and the corresponding trends in the lower {Illinois} {River}},
	volume = {19},
	issn = {1084-0699},
	number = {3},
	journal = {Journal of Hydrologic Engineering},
	author = {Markus, Momcilo and Demissie, Misganaw and Short, Matthew B and Verma, Siddhartha and Cooke, Richard A},
	year = {2013},
	pages = {533--543}
}

@article{appling_reducing_2015,
	title = {Reducing bias and quantifying uncertainty in watershed flux estimates: the {R} package loadflex},
	volume = {6},
	issn = {2150-8925},
	number = {12},
	journal = {Ecosphere},
	author = {Appling, Alison P and Leon, Miguel C and McDowell, William H},
	year = {2015},
	pages = {1--25}
}

@article{hirsch_large_2014,
	title = {Large biases in regression‐based constituent flux estimates: {Causes} and diagnostic tools},
	volume = {50},
	issn = {1093-474X},
	number = {6},
	journal = {JAWRA Journal of the American Water Resources Association},
	author = {Hirsch, Robert M},
	year = {2014},
	pages = {1401--1424}
}

@article{warrick_trend_2015,
	title = {Trend analyses with river sediment rating curves},
	volume = {29},
	issn = {0885-6087},
	number = {6},
	journal = {Hydrological processes},
	author = {Warrick, Jonathan A},
	year = {2015},
	pages = {936--949}
}