
@article{pellerin_mississippi_2014,
	title = {Mississippi River nitrate loads from high frequency sensor measurements and regression-based load estimation},
	volume = {48},
	issn = {0013-936X},
	pages = {12612--12619},
	number = {21},
	journaltitle = {Environmental science \& technology},
	shortjournal = {Environmental science \& technology},
	author = {Pellerin, Brian A and Bergamaschi, Brian A and Gilliom, Robert J and Crawford, Charles G and Saraceno, {JohnFranco} and Frederick, C Paul and Downing, Bryan D and Murphy, Jennifer C},
	date = {2014},
	note = {Publisher: {ACS} Publications},
}

@article{wei_diminishing_2023,
	title = {Diminishing marginal effect in estimating the dissolved organic carbon export from a watershed},
	volume = {5},
	issn = {2515-7620},
	pages = {031003},
	number = {3},
	journaltitle = {Environmental Research Communications},
	shortjournal = {Environmental Research Communications},
	author = {Wei, Xinyuan and Hayes, Daniel J and Ku, Peijia and Yang, Xiaojuan and Ricciuto, Daniel M},
	date = {2023},
	note = {Publisher: {IOP} Publishing},
}

@article{humphreys_evaluating_2025,
	title = {Evaluating Trends and Insights from Historical Suspended Sediment and Land Management Data in the South Fork Clearwater River Basin, Idaho County, Idaho, {USA}},
	volume = {12},
	issn = {2306-5338},
	pages = {50},
	number = {3},
	journaltitle = {Hydrology},
	shortjournal = {Hydrology},
	author = {Humphreys, Kevin M and Mays, David C},
	date = {2025},
	note = {Publisher: {MDPI}},
}

@article{sun_hurricanes_2022,
	title = {Hurricanes substantially reduce the nutrients in tropical forested watersheds in Puerto Rico},
	volume = {13},
	issn = {1999-4907},
	pages = {71},
	number = {1},
	journaltitle = {Forests},
	shortjournal = {Forests},
	author = {Sun, Jiamei and Wei, Xinyuan and Zhou, Yu and Chan, Catherine and Diao, Jiaojiao},
	date = {2022},
	note = {Publisher: {MDPI}},
}

@article{kao_phosphorus_2022,
	title = {Phosphorus retention and transformation in a dammed reservoir of the Thames River, Ontario: Impacts on phosphorus load and speciation},
	volume = {48},
	issn = {0380-1330},
	pages = {84--96},
	number = {1},
	journaltitle = {Journal of Great Lakes Research},
	shortjournal = {Journal of Great Lakes Research},
	author = {Kao, N and Mohamed, M and Sorichetti, {RJ} and Niederkorn, A and Van Cappellen, P and Parsons, {CT}},
	date = {2022},
	note = {Publisher: Elsevier},
}

@article{fang_modeling_2024,
	title = {Modeling continental {US} stream water quality using long-short term memory and weighted regressions on time, discharge, and season},
	volume = {6},
	issn = {2624-9375},
	pages = {1456647},
	journaltitle = {Frontiers in Water},
	shortjournal = {Frontiers in Water},
	author = {Fang, Kuai and Caers, Jef and Maher, Kate},
	date = {2024},
	note = {Publisher: Frontiers Media {SA}},
}

@article{wei_fire_2021,
	title = {Fire reduces riverine {DOC} concentration draining a watershed and alters post-fire {DOC} recovery patterns},
	volume = {16},
	issn = {1748-9326},
	pages = {024022},
	number = {2},
	journaltitle = {Environmental Research Letters},
	shortjournal = {Environmental Research Letters},
	author = {Wei, Xinyuan and Hayes, Daniel J and Fernandez, Ivan},
	date = {2021},
	note = {Publisher: {IOP} Publishing},
}

@report{lee_methods_2017,
	title = {Methods for computing water-quality loads at sites in the {US} Geological Survey National Water Quality Network},
	number = {2331-1258},
	institution = {{US} Geological Survey},
	author = {Lee, Casey J and Murphy, Jennifer C and Crawford, Charles G and Deacon, Jeffrey R},
	date = {2017},
}

@article{jung_comparison_2020,
	title = {Comparison of long short-term memory and weighted regressions on time, discharge, and season models for nitrate-N load estimation},
	volume = {12},
	issn = {2071-1050},
	pages = {5942},
	number = {15},
	journaltitle = {Sustainability},
	shortjournal = {Sustainability},
	author = {Jung, Kichul and Um, Myoung-Jin and Markus, Momcilo and Park, Daeryong},
	date = {2020},
	note = {Publisher: {MDPI}},
}

@article{saha_deep_2023,
	title = {A deep learning-based novel approach to generate continuous daily stream nitrate concentration for nitrate data-sparse watersheds},
	volume = {878},
	issn = {0048-9697},
	pages = {162930},
	journaltitle = {Science of the Total Environment},
	shortjournal = {Science of the Total Environment},
	author = {Saha, Gourab Kumer and Rahmani, Farshid and Shen, Chaopeng and Li, Li and Cibin, Raj},
	date = {2023},
	note = {Publisher: Elsevier},
}

@article{libera_non-parametric_2018,
	title = {A non-parametric bootstrapping framework embedded in a toolkit for assessing water quality model performance},
	volume = {107},
	issn = {1364-8152},
	pages = {25--33},
	journaltitle = {Environmental Modelling \& Software},
	shortjournal = {Environmental Modelling \& Software},
	author = {Libera, Dominic A and Sankarasubramanian, A and Sharma, Ashish and Reich, Brian J},
	date = {2018},
	note = {Publisher: Elsevier},
}

@article{maestre_comparison_nodate,
	title = {A Comparison of Machine Learning Techniques for the Generation of River and Stream Water Quality Estimates},
	author = {Maestre, Alexander and El-Sheikh, Eman},
}

@report{king_trend_2025,
	title = {A trend analysis and model comparison of total phosphorus concentrations and loads in the Boise River near Parma, southwestern Idaho, water years 2003–21},
	number = {2328-0328},
	institution = {{US} Geological Survey},
	author = {King, Tyler V and Yoder, Alysa M},
	date = {2025},
}

@article{murphy_differing_2023,
	title = {Differing field methods and site conditions lead to varying bias in suspended sediment concentrations in the Lower Mississippi and Atchafalaya Rivers},
	volume = {195},
	issn = {0167-6369},
	pages = {1260},
	number = {11},
	journaltitle = {Environmental Monitoring and Assessment},
	shortjournal = {Environmental Monitoring and Assessment},
	author = {Murphy, J and Schafer, L and Mize, Scott},
	date = {2023},
	note = {Publisher: Springer},
}

@article{murphy_leveraging_2023,
	title = {Leveraging machine learning to automate regression model evaluations for large multi-site water-quality trend studies},
	volume = {170},
	issn = {1364-8152},
	pages = {105864},
	journaltitle = {Environmental Modelling \& Software},
	shortjournal = {Environmental Modelling \& Software},
	author = {Murphy, Jennifer and Chanat, Jeffrey},
	date = {2023},
	note = {Publisher: Elsevier},
}

@article{woodward_extension_2020,
	title = {Extension of Bayesian chemistry-assisted hydrograph separation to reveal water quality trends ({BACH}2)},
	volume = {34},
	issn = {1436-3240},
	pages = {2053--2069},
	number = {12},
	journaltitle = {Stochastic Environmental Research and Risk Assessment},
	shortjournal = {Stochastic Environmental Research and Risk Assessment},
	author = {Woodward, Simon {JR} and Stenger, Roland},
	date = {2020},
	note = {Publisher: Springer},
}

@article{saha_performance_2024,
	title = {Performance evaluation of deep learning based stream nitrate concentration prediction model to fill stream nitrate data gaps at low-frequency nitrate monitoring basins},
	volume = {357},
	issn = {0301-4797},
	pages = {120721},
	journaltitle = {Journal of Environmental Management},
	shortjournal = {Journal of Environmental Management},
	author = {Saha, Gourab and Shen, Chaopeng and Duncan, Jonathan and Cibin, Raj},
	date = {2024},
	note = {Publisher: Elsevier},
}

@article{kumar_value_2019,
	title = {The value of intensive sampling—a comparison of fluvial loads},
	volume = {33},
	issn = {0920-4741},
	pages = {4303--4318},
	journaltitle = {Water Resources Management},
	shortjournal = {Water Resources Management},
	author = {Kumar, Saurav and Godrej, Adil and Post, Harold and Berger, Karl},
	date = {2019},
	note = {Publisher: Springer},
}

@article{warrick_trend_2015,
	title = {Trend analyses with river sediment rating curves},
	volume = {29},
	issn = {0885-6087},
	pages = {936--949},
	number = {6},
	journaltitle = {Hydrological processes},
	shortjournal = {Hydrological processes},
	author = {Warrick, Jonathan A},
	date = {2015},
}

@article{appling_reducing_2015,
	title = {Reducing bias and quantifying uncertainty in watershed flux estimates: the R package loadflex},
	volume = {6},
	issn = {2150-8925},
	pages = {1--25},
	number = {12},
	journaltitle = {Ecosphere},
	shortjournal = {Ecosphere},
	author = {Appling, Alison P and Leon, Miguel C and {McDowell}, William H},
	date = {2015},
}

@article{markus_sensitivity_2013,
	title = {Sensitivity analysis of annual nitrate loads and the corresponding trends in the lower Illinois River},
	volume = {19},
	issn = {1084-0699},
	pages = {533--543},
	number = {3},
	journaltitle = {Journal of Hydrologic Engineering},
	shortjournal = {Journal of Hydrologic Engineering},
	author = {Markus, Momcilo and Demissie, Misganaw and Short, Matthew B and Verma, Siddhartha and Cooke, Richard A},
	date = {2013},
}

@article{zhang_longterm_2015,
	title = {Long‐Term Trends of Nutrients and Sediment from the Nontidal Chesapeake Watershed: An Assessment of Progress by River and Season},
	volume = {51},
	issn = {1752-1688},
	pages = {1534--1555},
	number = {6},
	journaltitle = {{JAWRA} Journal of the American Water Resources Association},
	shortjournal = {{JAWRA} Journal of the American Water Resources Association},
	author = {Zhang, Qian and Brady, Damian C and Boynton, Walter R and Ball, William P},
	date = {2015},
}

@article{lee_evaluation_2016,
	title = {An evaluation of methods for estimating decadal stream loads},
	volume = {542},
	issn = {0022-1694},
	pages = {185--203},
	journaltitle = {Journal of Hydrology},
	shortjournal = {Journal of Hydrology},
	author = {Lee, Casey J and Hirsch, Robert M and Schwarz, Gregory E and Holtschlag, David J and Preston, Stephen D and Crawford, Charles G and Vecchia, Aldo V},
	date = {2016},
}

@inproceedings{kandel_comparison_2018,
	title = {Comparison of various estimation techniques to predict nitrate load in Maumee River},
	eventtitle = {2018 {ASABE} Annual International Meeting},
	pages = {1},
	publisher = {American Society of Agricultural and Biological Engineers},
	author = {Kandel, Rajesh and Bhattarai, Rabin},
	date = {2018},
}

@article{isles_random_2024,
	title = {A random forest approach to improve estimates of tributary nutrient loading},
	volume = {248},
	issn = {0043-1354},
	pages = {120876},
	journaltitle = {Water Research},
	shortjournal = {Water Research},
	author = {Isles, Peter {DF}},
	date = {2024},
	note = {Publisher: Elsevier},
}

@article{hirsch_large_2014,
	title = {Large biases in regression‐based constituent flux estimates: Causes and diagnostic tools},
	volume = {50},
	issn = {1093-474X},
	pages = {1401--1424},
	number = {6},
	journaltitle = {{JAWRA} Journal of the American Water Resources Association},
	shortjournal = {{JAWRA} Journal of the American Water Resources Association},
	author = {Hirsch, Robert M},
	date = {2014},
}

@article{murphy_antecedent_2014,
	title = {Antecedent flow conditions and nitrate concentrations in the Mississippi River Basin},
	volume = {18},
	issn = {1027-5606},
	pages = {967--979},
	number = {3},
	journaltitle = {Hydrology and Earth System Sciences},
	shortjournal = {Hydrology and Earth System Sciences},
	author = {Murphy, Jennifer C and Hirsch, Robert M and Sprague, Lori A},
	date = {2014},
}

@article{beck_improving_2015,
	title = {Improving estimates of ecosystem metabolism by reducing effects of tidal advection on dissolved oxygen time series},
	volume = {13},
	issn = {1541-5856},
	pages = {731--745},
	number = {12},
	journaltitle = {Limnology and Oceanography: Methods},
	shortjournal = {Limnology and Oceanography: Methods},
	author = {Beck, Marcus W and Hagy, James D and Murrell, Michael C},
	date = {2015},
}

@article{zhang_synthesis_2018,
	title = {Synthesis of nutrient and sediment export patterns in the Chesapeake Bay watershed: Complex and non-stationary concentration-discharge relationships},
	volume = {618},
	issn = {0048-9697},
	pages = {1268--1283},
	journaltitle = {Science of The Total Environment},
	shortjournal = {Science of The Total Environment},
	author = {Zhang, Qian},
	date = {2018},
}

@article{strickling_leveraging_2018,
	title = {Leveraging Spatial and Temporal Variability to Probabilistically Characterize Nutrient Sources and Export Rates in a Developing Watershed},
	volume = {54},
	issn = {0043-1397},
	pages = {5143--5162},
	number = {7},
	journaltitle = {Water Resources Research},
	shortjournal = {Water Resources Research},
	author = {Strickling, {HL} and Obenour, {DR}},
	date = {2018},
}

@article{zhang_improved_2016,
	title = {An improved method for interpretation of riverine concentration‐discharge relationships indicates long‐term shifts in reservoir sediment trapping},
	volume = {43},
	issn = {1944-8007},
	pages = {10--215},
	number = {19},
	journaltitle = {Geophysical Research Letters},
	shortjournal = {Geophysical Research Letters},
	author = {Zhang, Qian and Harman, Ciaran J and Ball, William P},
	date = {2016},
}

@article{zhang_improving_2017,
	title = {Improving riverine constituent concentration and flux estimation by accounting for antecedent discharge conditions},
	volume = {547},
	issn = {0022-1694},
	pages = {387--402},
	journaltitle = {Journal of hydrology},
	shortjournal = {Journal of hydrology},
	author = {Zhang, Qian and Ball, William P},
	date = {2017},
}

@article{fanelli_point_2019,
	title = {Point sources and agricultural practices control spatial-temporal patterns of orthophosphate in tributaries to Chesapeake Bay},
	volume = {652},
	issn = {0048-9697},
	pages = {422--433},
	journaltitle = {Science of The Total Environment},
	shortjournal = {Science of The Total Environment},
	author = {Fanelli, Rosemary M and Blomquist, Joel D and Hirsch, Robert M},
	date = {2019},
}

@article{reisinger_changes_2019,
	title = {Changes in long‐term water quality of Baltimore streams are associated with both gray and green infrastructure},
	volume = {64},
	issn = {0024-3590},
	pages = {S60--S76},
	issue = {S1},
	journaltitle = {Limnology and Oceanography},
	shortjournal = {Limnology and Oceanography},
	author = {Reisinger, Alexander J and Woytowitz, Ellen and Majcher, Emily and Rosi, Emma J and Belt, Kenneth T and Duncan, Jonathan M and Kaushal, Sujay S and Groffman, Peter M},
	date = {2019},
}

@article{beck_numerical_2017,
	title = {Numerical and qualitative contrasts of two statistical models for water quality change in tidal waters},
	volume = {53},
	issn = {1093-474X},
	pages = {197--219},
	number = {1},
	journaltitle = {{JAWRA} Journal of the American Water Resources Association},
	shortjournal = {{JAWRA} Journal of the American Water Resources Association},
	author = {Beck, Marcus W and Murphy, Rebecca R},
	date = {2017},
}

@article{maestre_machine_2014,
	title = {A machine learning tool for weighted regressions in time, discharge, and season},
	volume = {5},
	pages = {99--106},
	number = {3},
	journaltitle = {Inter J Adv Comp Sci App},
	shortjournal = {Inter J Adv Comp Sci App},
	author = {Maestre, Alexander and Williamson, Derek and El-Sheikh, Eman and Ward, Amelia},
	date = {2014},
}

@article{beck_adaptation_2015,
	title = {Adaptation of a weighted regression approach to evaluate water quality trends in an estuary},
	volume = {20},
	issn = {1420-2026},
	url = {https://link.springer.com/article/10.1007/s10666-015-9452-8},
	pages = {637--655},
	number = {6},
	journaltitle = {Environmental Modeling \& Assessment},
	shortjournal = {Environmental Modeling \& Assessment},
	author = {Beck, Marcus W and Hagy, James D},
	date = {2015},
}

@article{goswami_evaluation_2022,
	title = {Evaluation of Statistical Models: Perspective of Water Quality Load Estimation},
	issn = {0022-1694},
	pages = {128721},
	journaltitle = {Journal of Hydrology},
	shortjournal = {Journal of Hydrology},
	author = {Goswami, Anant and Paul, Pranesh Kumar and Rudra, Ramesh and Goel, Pradeep Kumar and Daggupati, Prasad},
	date = {2022},
	note = {Publisher: Elsevier},
}

@article{park_insights_2021,
	title = {Insights from an Evaluation of Nitrate Load Estimation Methods in the Midwestern United States},
	volume = {13},
	issn = {2071-1050},
	pages = {7508},
	number = {13},
	journaltitle = {Sustainability},
	shortjournal = {Sustainability},
	author = {Park, Daeryong and Um, Myoung-Jin and Markus, Momcilo and Jung, Kichul and Keefer, Laura and Verma, Siddhartha},
	date = {2021},
	note = {Publisher: {MDPI}},
}

@article{parr_overlapping_2019,
	title = {Overlapping anthropogenic effects on hydrologic and seasonal trends in {DOC} in a surface water dependent water utility},
	volume = {148},
	pages = {407--415},
	journaltitle = {Water research},
	author = {Parr, Thomas B. and Inamdar, Shreeram P. and Miller, Matthew J.},
	date = {2019},
}

@article{chanat_exploring_2018,
	title = {Exploring Drivers of Regional Water‐Quality Change Using Differential Spatially Referenced Regression—A Pilot Study in the Chesapeake Bay Watershed},
	volume = {54},
	issn = {0043-1397},
	pages = {8120--8145},
	number = {10},
	journaltitle = {Water Resources Research},
	shortjournal = {Water Resources Research},
	author = {Chanat, Jeffrey G and Yang, Guoxiang},
	date = {2018},
}

@article{zhang_estimation_2019,
	title = {Estimation bias in water-quality constituent concentrations and fluxes: a synthesis for chesapeake bay rivers and streams},
	volume = {7},
	issn = {2296-701X},
	pages = {109},
	journaltitle = {Frontiers in Ecology and Evolution},
	shortjournal = {Frontiers in Ecology and Evolution},
	author = {Zhang, Qian and Blomquist, Joel D and Moyer, Douglas L and Chanat, Jeffrey G},
	date = {2019},
	note = {Publisher: Frontiers Media {SA}},
}

@article{vidon_path_2018,
	title = {In the path of the Hurricane: impact of Hurricane Irene and Tropical Storm Lee on watershed hydrology and biogeochemistry from North Carolina to Maine, {USA}},
	volume = {141},
	issn = {1573-515X},
	pages = {351--364},
	number = {3},
	journaltitle = {Biogeochemistry},
	shortjournal = {Biogeochemistry},
	author = {Vidon, Philippe and Karwan, Diana L and Andres, A Scott and Inamdar, Shreeram and Kaushal, Sujay and Morrison, Jonathan and Mullaney, John and Ross, Donald S and Schroth, Andrew W and Shanley, James B},
	date = {2018},
	note = {Publisher: Springer},
}

@article{huntington_systematic_2022,
	title = {A systematic increase in the slope of the concentration discharge relation for dissolved organic carbon in a forested catchment in Vermont, {USA}},
	volume = {844},
	issn = {0048-9697},
	pages = {156954},
	journaltitle = {Science of The Total Environment},
	shortjournal = {Science of The Total Environment},
	author = {Huntington, Thomas G and Shanley, James B},
	date = {2022},
	note = {Publisher: Elsevier},
}

@article{frankel_nitrogen_2022,
	title = {Nitrogen reductions have decreased hypoxia in the Chesapeake Bay: Evidence from empirical and numerical modeling},
	volume = {814},
	issn = {0048-9697},
	pages = {152722},
	journaltitle = {Science of the Total Environment},
	shortjournal = {Science of the Total Environment},
	author = {Frankel, Luke T and Friedrichs, Marjorie {AM} and St-Laurent, Pierre and Bever, Aaron J and Lipcius, Romuald N and Bhatt, Gopal and Shenk, Gary W},
	date = {2022},
	note = {Publisher: Elsevier},
}

@article{robertson_importance_2020,
	title = {Importance of accurately quantifying internal loading in developing phosphorus reduction strategies for a chain of shallow lakes},
	volume = {36},
	issn = {1040-2381},
	pages = {391--411},
	number = {4},
	journaltitle = {Lake and Reservoir Management},
	shortjournal = {Lake and Reservoir Management},
	author = {Robertson, Dale M and Diebel, Matthew W},
	date = {2020},
	note = {Publisher: Taylor \& Francis},
}

@article{rowland_lake_2021,
	title = {Lake Erie tributary nutrient trend evaluation: Normalizing concentrations and loads to reduce flow variability},
	volume = {125},
	issn = {1470-160X},
	pages = {107601},
	journaltitle = {Ecological Indicators},
	shortjournal = {Ecological Indicators},
	author = {Rowland, Freya E and Stow, Craig A and Johnson, Laura T and Hirsch, Robert M},
	date = {2021},
	note = {Publisher: Elsevier},
}

@article{zhang_evaluation_2018,
	title = {Evaluation of statistical methods for quantifying fractal scaling in water-quality time series with irregular sampling},
	volume = {22},
	issn = {1027-5606},
	pages = {1175--1192},
	number = {2},
	journaltitle = {Hydrology and Earth System Sciences},
	shortjournal = {Hydrology and Earth System Sciences},
	author = {Zhang, Qian and Harman, Ciaran J and Kirchner, James W},
	date = {2018},
	note = {Publisher: Copernicus {GmbH}},
}

@article{jung_bayesian_2021,
	title = {Bayesian Hierarchical Modeling of Nitrate Concentration in a Forest Stream Affected by Large‐Scale Forest Dieback},
	volume = {57},
	issn = {0043-1397},
	pages = {e2020WR027264},
	number = {2},
	journaltitle = {Water Resources Research},
	shortjournal = {Water Resources Research},
	author = {Jung, Hoseung and Senf, Cornelius and Beudert, Burkhard and Krueger, Tobias},
	date = {2021},
	note = {Publisher: Wiley Online Library},
}

@article{wang_ml-swan-v1_2020,
	title = {{ML}-{SWAN}-v1: a hybrid machine learning framework for the concentration prediction and discovery of transport pathways of surface water nutrients},
	volume = {13},
	issn = {1991-959X},
	pages = {4253--4270},
	number = {9},
	journaltitle = {Geoscientific Model Development},
	shortjournal = {Geoscientific Model Development},
	author = {Wang, Benya and Hipsey, Matthew R and Oldham, Carolyn},
	date = {2020},
	note = {Publisher: Copernicus {GmbH}},
}

@report{chanat_application_2016,
	location = {Reston, {VA}},
	title = {Application of a Weighted Regression Model for Reporting Nutrient and Sediment Concentrations, Fluxes, and Trends in Concentration and Flux for the Chesapeake Bay Nontidal Water-Quality Monitoring Network, Results Through Water Year 2012},
	url = {http://pubs.er.usgs.gov/publication/sir20155133},
	pages = {88},
	number = {2015-5133},
	institution = {U.S. Geological Survey},
	author = {Chanat, Jeffrey G. and Moyer, Douglas L. and Blomquist, Joel D. and Hyer, Kenneth E. and Langland, Michael J.},
	date = {2016},
	doi = {10.3133/sir20155133},
}

@article{osterholz_resolving_2022,
	title = {Resolving new and old phosphorus source contributions to subsurface tile drainage with weighted regressions on discharge and season ({WRDS})},
	url = {https://acsess.onlinelibrary.wiley.com/doi/10.1002/jeq2.20426},
	doi = {https://doi.org/10.1002/jeq2.20426},
	journaltitle = {Journal of Environmental Quality},
	author = {Osterholz, William and Shedekar, Vinayak and Simpson, Zachary and King, Kevin},
	date = {2022},
}

@article{amaral_particle_2022,
	title = {Particle cycling rates at Station P as estimated from the inversion of {POC} concentration data},
	volume = {10},
	issn = {2325-1026},
	pages = {00018},
	number = {1},
	journaltitle = {Elem Sci Anth},
	shortjournal = {Elem Sci Anth},
	author = {Amaral, Vinícius J and Lam, Phoebe J and Marchal, Olivier and Roca-Martí, Montserrat and Fox, James and Nelson, Norman B},
	date = {2022},
	note = {Publisher: University of California Press},
}

@article{zhang_approach_2021,
	title = {An approach for decomposing river water-quality trends into different flow classes},
	volume = {755},
	issn = {0048-9697},
	pages = {143562},
	journaltitle = {Science of The Total Environment},
	shortjournal = {Science of The Total Environment},
	author = {Zhang, Qian and Webber, James S and Moyer, Douglas L and Chanat, Jeffrey G},
	date = {2021},
	note = {Publisher: Elsevier},
}

@report{oelsner_water-quality_2017,
	title = {Water-quality trends in the nation’s rivers and streams, 1972–2012—Data preparation, statistical methods, and trend results},
	url = {https://pubs.usgs.gov/sir/2017/5006/sir20175006_ver2.0.pdf},
	pages = {157},
	number = {2017-5006},
	institution = {{US} Geological Survey},
	author = {Oelsner, Gretchen P and Sprague, Lori A and Murphy, Jennifer C and Zuellig, Robert E and Johnson, Henry M and Ryberg, Karen R and Falcone, James A and Stets, Edward G and Vecchia, Aldo V and Riskin, Melissa L},
	date = {2017},
}

@report{lee_evaluation_2019,
	title = {An evaluation of methods for computing annual water-quality loads},
	pages = {59},
	number = {2019-5084},
	institution = {{US} Geological Survey},
	type = {Scientific Investigations Report2019-5084},
	author = {Lee, Casey J and Hirsch, Robert M and Crawford, Charles G},
	date = {2019},
}

@article{ruckhaus_characterising_2025,
	title = {Characterising Water‐Quality Response After the 2020 Cameron Peak Fire Using a Novel Application of the Weighted Regressions on Time, Discharge and Season Method},
	volume = {39},
	issn = {0885-6087},
	pages = {e70178},
	number = {6},
	journaltitle = {Hydrological Processes},
	shortjournal = {Hydrological Processes},
	author = {Ruckhaus, Manya H and Clow, David W and Hirsch, Robert M and Chapin, Tanner W},
	date = {2025},
	note = {Publisher: Wiley Online Library},
}
